<?xml version="1.0" encoding="UTF-8"?><collection xmlns="http://www.loc.gov/MARC21/slim"><record><leader>00427nam--2200169-i-4500</leader><controlfield tag="001">000025323</controlfield><controlfield tag="002">20161230</controlfield><controlfield tag="005">20170306233154</controlfield><controlfield tag="008">060222s1000------------r-----000-0-eng-d</controlfield><datafield ind1=" " ind2=" " tag="080"><subfield code="a">621.311.1/4</subfield></datafield><datafield ind1=" " ind2=" " tag="100"><subfield code="a">Nitu, Vasile I</subfield></datafield><datafield ind1=" " ind2=" " tag="245"><subfield code="a">Instalatiile electrice ale centralelor si statiilor</subfield></datafield><datafield ind1=" " ind2=" " tag="260"><subfield code="a">Bucuresti</subfield><subfield code="b">Ed.Tehnica</subfield><subfield code="c">1972</subfield></datafield><datafield ind1=" " ind2=" " tag="300"><subfield code="a">645 p</subfield></datafield><datafield ind1=" " ind2=" " tag="700"><subfield code="a">Rascu, P</subfield></datafield><datafield ind1=" " ind2=" " tag="852"><subfield code="a">45070</subfield></datafield><datafield ind1=" " ind2=" " tag="CAT"><subfield code="a">SYS</subfield><subfield code="c">20170306</subfield><subfield code="h">233154</subfield></datafield></record></collection>